@BOOK{reference,
	author={Loren Jørgensen and David Lopes Cardozo and Etienne Thibierge},
	title={Numerical Resolution of the Schrodinger Equation},
	publisher={École Normale Supérieure de Lyon}
	year={2011}
}

@BOOK{eulerstab,
	title={Euler Method},
	publisher={http://en.wikipedia.org/wiki/Euler\_method}
}

@BOOK{heat,
	author={Gerald W. Recktenwald},
	title={Finite-Difference Approximations to the Heat Equation},
	publisher={http://www.f.kth.se/~jjalap/numme/FDheat.pdf}
}